@online{angular,
	author = {altexsoft.com},
	title = {What is Angular: The story behind the JavaScript framework},
	date = {2022-09-06},
	url = {https://www.altexsoft.com/blog/the-good-and-the-bad-of-angular-development/},
}

@online{Push-Nachrichten,
	author = {Carolin Weber},
	title = {Was sind eigentlich Push Notifications?},
	date = {2024-03-15},
	url = {https://vertus.co/push-notifications/},
}


@online{Onesignal,
	author = {Onesignal},
	title = {Mobile Notifications},
	date = {2024-04-15},
	url = {https://onesignal.com/mobile-push},
}

@online{n8n-review,
	author = {0hands.com},
	title = {n8n at a glance - the ultimate guide},
	date = {2024-03-15},
	url = {https://www.0hands.com/automation/n8n-review},
}


@online{Ionic-Framework,
	author = {Aashiya Mittal},
	title = {What is Ionic Framework? and Why Use it over Other Frameworks?},
	date = {2024-03-15},
	url = {https://hackr.io/blog/ionic-framework},
}

@online{Gitlab,
	author = {everhour.com},
	title = {Gitlab},
	date = {2024-03-15},
	url = {https://everhour.com/blog/gitlab-tutorial/},
}


@online{ArgoCD,
	author = {Dan Garfield},
	title = {A Comprehensive Overview of Argo CD / GitOps Architectures â€“ 2024},
	date = {2024-03-15},
	url = {https://codefresh.io/blog/a-comprehensive-overview-of-argo-cd-architectures-2024/},
}

@online{Jira,
	author = {boltic.io},
	title = {What Is Jira? - Overview, Features and Type of Jira Products},
	date = {2024-03-15},
	url = {https://www.boltic.io/blog/what-is-jira},
}


@online{Andriod-Studio,
	author = {Prithviraj Biswas},
	title = {Introduction to Android Studio},
	date = {2024-03-15},
	url = {https://www.loginradius.com/blog/engineering/introduction-to-android-studio/},
}



@online{VSCode,
	author = {Enrique Corrales},
	title = {Visual Studio Code Review 2023 | A Comprehensive Look},
	date = {2024-03-15},
	url = {https://www.developer.com/languages/visual-studio-code-review/},
}
